@article{nikolaou2015weight,
  title={Weight changes in young adults: a mixed-methods study},
  author={Nikolaou, CK and Hankey, Catherine R and Lean, Micheal EJ},
  journal={International journal of obesity},
  volume={39},
  number={3},
  pages={508--513},
  year={2015},
  publisher={Nature Publishing Group}
}
